% !TEX encoding = utf8
@misc{1,
      author = "Fermentas Inc.",
      title = "Unity Technologies: Unity User Manual",
      month = "January",
      year = "2019",
      howpublished={\url{https://docs.unity3d.com/Manual/index.html/}}
}
@misc{2,
      author = "Bill Wagner",
      title = "Microsoft: Przewodnik programowania C\#",
      month = "May",
      year = "2017",
      howpublished={\url{https://docs.microsoft.com/pl-pl/dotnet/csharp/programming-guide/l}}
}
@misc{3,
      author = "Blender",
      title = "Blender User Guide",
      howpublished={\url{https://docs.blender.org/manual/en/dev/}}
}


